%%

@misc{lutalo2024tea,
  author       = {Lutalo, J. W.},
  title        = {\textbf{[notes][v1.1] Thoughts \& Ideas Behind Design of TEA language}},
  year         = {2024},
  publisher    = {Nuchwezi Research},
  note         = {Available at: \url{https://doi.org/10.6084/M9.FIGSHARE.26363455}}
}

% for the extra-DNA function chapter

@book{alberts2002molecular,
  title={Molecular Biology of the Cell},
  author={Alberts, Bruce and Johnson, Alexander and Lewis, Julian and Raff, Martin and Roberts, Keith and Walter, Peter},
  year={2002},
  publisher={Garland Science},
  note={Accessible via \url{https://archive.org/details/molecularbiology0004albe}}
}

@article{bird2007perceptions,
  title={Perceptions of epigenetics},
  author={Bird, Adrian},
  journal={Nature},
  volume={447},
  number={7143},
  pages={396--398},
  year={2007},
  doi={10.1038/nature05913},
  note={Accessible via \url{https://www.nature.com/articles/nature05913.pdf}}
}

@book{friedberg2006dna,
  title={DNA Repair and Mutagenesis},
  author={Friedberg, Errol C and Walker, Graham C and Siede, Wolfram and Wood, Richard D and Schultz, Roger A and Ellenberger, Tom},
  year={2006},
  publisher={ASM Press},
  note={Accessible via \url{https://archive.org/details/dnarepairmutagen0000unse}}
}

@book{gilbert2010developmental,
  title={Developmental Biology},
  author={Gilbert, Scott F},
  year={2010},
  publisher={Sinauer Associates},
  note={Accessible via \url{https://archive.org/details/isbn_9780878935581}}
}

@article{king1975noncoding,
  title={Evolution at two levels in humans and chimpanzees},
  author={King, Mary-Claire and Wilson, Allan C},
  journal={Science},
  volume={188},
  number={4184},
  pages={107--116},
  year={1975},
  doi={10.1126/science.1090005},
  note={Accessible via \url{https://www.jstor.org/stable/pdf/1739875.pdf}}
}

@article{jacob1977evolution,
  title={Evolution and Tinkering},
  author={Jacob, François},
  journal={Science},
  volume={196},
  number={4295},
  pages={1161--1166},
  year={1977},
  doi={10.1126/science.860134},
  note={Accessible via \url{https://williams.chemistry.gatech.edu/course_Information/6572/papers/jacob_evolution_tinkering_1977.pdf}}
}

% end for extra-DNA functions

@article{bosse2025repeating,
  author = {Michael J. Bossé and William J. Cook},
  title = {Repeating Decimal Expansions in Different Bases},
  journal = {Electronic Journal of Mathematics \& Technology},
  year = {2025},
  url = {https://ejmt.mathandtech.org/Contents/eJMT_v16n3p4.pdf},
   note = {Accessible via \url{https://ejmt.mathandtech.org/Contents/eJMT_v16n3p4.pdf}}
}

@misc{earthwormImage,
  author    = {Fir0002 / Flagstaffotos},
  title     = {Earthworm.jpg},
  year      = {2007},
  url       = {https://commons.wikimedia.org/wiki/File:Earthworm.jpg},
  note      = {Image taken in Swifts Creek, Victoria. Licensed under CC BY-NC and GFDL 1.2. Attribution required to Fir0002/Flagstaffotos.},
}

@book{shrinesjwl,
 title={\textbf{Shrines of the Free Men}},
  author={Lutalo, Joseph Willrich},
  booktitle={Shrines of the Free Men},
  publisher = {I*POW},
  pages={109,222-223},
  year={2023},
  note = {No ISBN | The official, free-access electronic edition is accessible via: \url{https://t.me/ipowriters/26}}
}


@misc{lutalo_2025_sop, 
title={\textbf{Statement of Purpose (University of Oxford)}}, 
howpublished={\url{https://figshare.com/articles/online resource/Statement_of_Purpose_University_of_Oxford_/29885561/1}}, 
DOI={10.6084/m9.figshare.29885561}, 
publisher={figshare}, 
author={Lutalo, Joseph Willrich}, 
year={2025}, 
month={Aug} }

@misc{Lutalo2025_phd,
author = "Joseph Willrich Lutalo",
title = "{\textbf{PROPOSED DOCTORAL THESIS: A Theory of Entropy Sources \& Random Number Generators: DPhil Computer Science, Oxford University, Joseph Willrich Lutalo MSc. BSc. alumni Makerere University}}",
year = "2025",
month = "6",
url = "https://figshare.com/articles/online_resource/PROPOSED_DOCTORAL_THESIS_A_Theory_of_Entropy_Sources_Random_Number_Generators_DPhil_Computer_Science_Oxford_University_Joseph_Willrich_Lutalo_MSc_BSc_alumni_Makerere_University/29209706",
doi = "10.6084/m9.figshare.29209706.v1",
note = {Accessible via \url{https://figshare.com/articles/online_resource/PROPOSED_DOCTORAL_THESIS_A_Theory_of_Entropy_Sources_Random_Number_Generators_DPhil_Computer_Science_Oxford_University_Joseph_Willrich_Lutalo_MSc_BSc_alumni_Makerere_University/29209706}}
}

@article{lutalo2025concerning_trans,
  title={\textbf{Concerning a Transformative Power in Certain Symbols, Letters and Words}},
  author={Lutalo, Joseph},
  year={2025},
  journal={Academia},
  publisher={Preprints},
  note={The unstripped version accessible via: \url{https://www.academia.edu/download/121530226/edtn_25FEB_Concerning_A_Transformative_Power_in_Certain_Symbols_Letters_and_Words.pdf}}
}

@book{lutalo2025rock,
  author    = {Joseph Willrich Lutalo},
  title     = {\textbf{Rock `N' Draw}},
  year      = {2025},
  publisher = {I*POW},
  doi       = {10.6084/m9.figshare.28724129},
  url       = {https://www.academia.edu/128601975/ROCK_N_DRAW_2025_},
  note = {\textit{\textbf{ISBN} 978-9913-624-71-8 (First Edition). A physical copy might be accessed via the National Library of Uganda (NLU), but also, an education-purposes-only edition is accessible freely via Academia at} \url{https://www.academia.edu/128601975/ROCK_N_DRAW_2025_}}
}

@book{jung1964symbols,
  title     = {Man and His Symbols},
  author    = {Carl G. Jung and Marie-Louise von Franz and Joseph L. Henderson and Aniela Jaffé and Jolande Jacobi},
  year      = {1964},
  publisher = {Aldus Books},
  address   = {London},
  isbn      = {9780385052214},
  note      = {Final editing by M.-L. von Franz after Jung's death}
}

@misc{lutalo_2025_exa, 
title={\textbf{PLATONIC-EXA-landscape.pdf | A Basic Example of Full Genome Expression in the Lu-Genome Expression System}}, 
howpublished = {\url{https://figshare.com/articles/dataset/PLATONIC-EXA-landscape/
\_pdf\_A\_Basic\_Example\_of\_Full\_Genome\_Expression\_in\_the\_Lu-Genome\_Expression\_System/29876024/1}}, 
DOI={10.6084/m9.figshare.29876024}, 
publisher={figshare}, author={Lutalo, Joseph Willrich}, year={2025}, month={Aug} }


@article{godel1931,
  author    = {Kurt Gödel},
  title     = {Über formal unentscheidbare Sätze der Principia Mathematica und verwandter Systeme I},
  journal   = {Monatshefte für Mathematik und Physik},
  volume    = {38},
  pages     = {173--198},
  year      = {1931}
}


@incollection{godel1931english,
  author    = {Kurt Gödel},
  title     = {On Formally Undecidable Propositions of Principia Mathematica and Related Systems I},
  booktitle = {Collected Works, Volume I: Publications 1929–1936},
  editor    = {Solomon Feferman and John W. Dawson Jr. and Stephen C. Kleene and Gregory H. Moore and Robert M. Solovay and Jean van Heijenoort},
  publisher = {Oxford University Press},
  year      = {1986},
  pages     = {144--195},
  note      = {English translation of Gödel's 1931 paper, accessible via: \url{https://archive.org/details/collectedworks0001gode}},
  url       = {https://archive.org/details/collectedworks0001gode}
}


@misc{lutalo_2025_platonic, 
title={\textbf{The PLATO Cipher}}, 
url={https://figshare.com/articles/online resource/The\_PLATO\_Cipher/29867843/1}, 
DOI={10.6084/m9.figshare.29867843}, 
howpublished={\url{https://figshare.com/articles/online resource/The\_PLATO\_Cipher/29867843/1}} 
, publisher={figshare}, author={Lutalo, Joseph Willrich}, year={2025}, month={Aug} }

@misc{lutalo_2025_ozin, 
title={\textbf{The OZIN Cipher}}, 
url={https://figshare.com/articles/online resource/The_OZIN_Cipher/29867474/1}, 
DOI={10.6084/m9.figshare.29867474}, 
howpublished={\url{https://figshare.com/articles/online resource/The_OZIN_Cipher/29867474/1}}, 
publisher={figshare}, 
author={Lutalo, Joseph Willrich}, 
year={2025}, month={Aug} }

@article{nickerson1988counting,
  author    = {Raymond S. Nickerson},
  title     = {Counting, Computing, and the Representation of Numbers},
  journal   = {Human Factors},
  volume    = {30},
  number    = {2},
  pages     = {181--199},
  year      = {1988},
  publisher = {SAGE Publications},
  doi       = {10.1177/001872088803000206},
  url       = {https://www.researchgate.net/publication/258138626_Counting_Computing_and_the_Representation_of_Numbers},
    note      = {Available at: \url{https://www.researchgate.net/publication/258138626_Counting_Computing_and_the_Representation_of_Numbers}}
}

@misc{lutalo_2025_ogf, 
title={\textbf{CODE: Computational Mysticism OGF}}, 
howpublished={\url{https://figshare.com/articles/online resource/CODE_Computational_Mysticism_OGF/29858738/1}}, 
DOI={10.6084/m9.figshare.29858738}, 
abstractNote={\textit{This file, originally first made public via the private literature collection of IoN member JWL, is now migrated to FigShare, so that it's easier to cite than where it was originally first published (see https://t.me/wwwrite/93). It essentially contains bits of an esoteric system of mystical workings first developed at Nuchwezi Esoteric School, and it contains some very rare, and critically important ideas that could have applications in fields other than just occult philosophy. It is actually part of some "very old" work and manuscripts. with some bits first written as early as 2012.}}, 
publisher={figshare}, 
author={Lutalo, Joseph Willrich}, 
year={2025}, 
month={Aug} 
}


@misc{przytycka_wgs_lecture10,
  author       = {Teresa Przytycka},
  title        = {Lecture 10: Whole Genome Sequencing and Analysis},
  year         = {2025},
  howpublished = {\url{https://www.ncbi.xyz/CBBresearch/Przytycka/download/lectures/PCB_Lect10_Whole_Genome.pdf}},
  note         = {Accessed August 2, 2025. Lecture slides from Introduction to Computational Biology.}
}


@misc{Lutalo2024_taz,
  author = {Lutalo, Joseph Willrich},
  title = {\textbf{TEA TAZ - Transforming Executable Alphabet A: to Z: COMMAND SPACE SPECIFICATION}},
  year = {2024},
  publisher = {Nuchwezi},
  howpublished = {\url{https://doi.org/10.6084/m9.figshare.26661328}}
}

@misc{cli_tttt,
author       = {Joseph Willrich Lutalo},
title        = {\textbf{TEA GitHub Project | The Reference Implementation of TEA (Transforming Executable Alphabet) computer programming language}},
year         = {2024},
url          = {https://github.com/mcnemesis/cli_tttt/},
howpublished = {\url{https://github.com/mcnemesis/cli_tttt/}},
note         = {Accessed: 4th Aug, 2025}
}

@article{Lutalo2025debug,
  author = {Joseph Willrich Lutalo},
  title = {\textbf{Concerning Debugging in TEA and the TEA Software Operating Environment}},
  journal = {Academia.edu},
  year = {2025},
  url = {https://www.academia.edu/127733090/Concerning_Debugging_in_TEA_and_the_TEA_Software_Operating_Environment},
  howpublished = {\url{{https://www.academia.edu/127733090/Concerning_Debugging_in_TEA_and_the_TEA_Software_Operating_Environment}}}
}


@book{gregory1987oxford,
  editor = {Gregory, Richard L. and Zangwill, Oliver L.},
  title = {The Oxford Companion to the Mind},
  year = {1987},
  publisher = {Oxford University Press},
  address = {Oxford, UK},
  isbn = {0-19-866124-X},
  note = {Available online at \url{https://archive.org/details/oxfordcompaniont00greg}}
}

@book{illingworth1996computing,
  editor = {Illingworth, Valerie},
  title = {Oxford Dictionary of Computing},
  edition = {4},
  year = {1996},
  publisher = {Oxford University Press},
  address = {Oxford, UK},
  isbn = {0192800469},
  note = {Available at \url{https://openlibrary.org/books/OL412451M}}
}

@book{agrippa2014occult,
  author = {Agrippa, Henry Cornelius},
  translator= {Freake, James},
  title = {Three Books of Occult Philosophy},
  year = {2014},
  publisher = {Llewellyn Publications},
  address = {Woodbury, Minnesota},
  isbn = {9780738746326},
  note = {Annotated edition (Edited by Donald Tyson) available at \url{https://archive.org/details/three-books-of-occult-philosophy-henry-cornelius-agrippa-donald-tyson-edition}}
}

@book{barry1965communication,
  editor = {Barry, Gerald},
  title = {Communication and Language: Networks of Thought and Action},
  year = {1965},
  publisher = {Macdonald Illustrated Library},
  address = {London, UK},
  note = {Available online at \url{https://archive.org/details/communicationlan0000sirg}}
}

@book{sagan1981cosmos,
  author = {Carl Sagan},
  title = {Cosmos},
  year = {1981},
  publisher = {Book Club Associates},
  address = {London, UK},
  isbn = {0075542773},
  note = {Special edition for \textbf{Book Club Associates}}
}

@misc{bioexplorer2025,
  author = {BioExplorer.net},
  title = {Do Bacteria Have Nucleus?},
  year = {2025},
  url = {https://www.bioexplorer.net/do-bacteria-have-nucleus.html/},
  howpublished = {\url{https://www.bioexplorer.net/do-bacteria-have-nucleus.html/}}
}

@article{kang2017deep,
  title = {Between a Pod and a Hard Test: The Deep Evolution of Amoebae},
  author = {Kang, Seungho and Tice, Alexander K and Spiegel, Frederick W and Silberman, Jeffrey D and Pánek, Tomáš and Čepička, Ivan and Kostka, Martin and Kosakyan, Anush and Alcântara, Daniel M C and Roger, Andrew J and others},
  journal = {Molecular Biology and Evolution},
  volume = {34},
  number = {9},
  pages = {2258--2270},
  year = {2017},
  publisher = {Oxford University Press},
  doi = {10.1093/molbev/msx162},
  url = {https://academic.oup.com/mbe/article/34/9/2258/3827454},
  note = {\url{https://academic.oup.com/mbe/article/34/9/2258/3827454}}
}


@misc{libretexts2025viruses,
  author = {OpenStax Biology},
  title = {Viruses - Biology LibreTexts},
  year = {2025},
  howpublished = {\url{https://bio.libretexts.org/Bookshelves/Introductory_and_General_Biology/General_Biology_1e_(OpenStax)/5:_Biological_Diversity/21:_Viruses}},
  note = {}
}


@article{transformatics,
  author       = {Lutalo, Joseph Willrich},
  title        = {\textbf{The Theory of Sequence Transformers \& their Statistics}: The 3 Information Sequence Transformer Families (Anagrammatizers, Protractors, Compressors) and 4 New and Relevant Statistical Measures Applicable to Them: Anagram Distance, Modal Sequence Statistic, Transformation Compression Ratio and Piecemeal Compression Ratio.},
  year         = {2025},
  journal={Academia},
  url  = {https://doi.org/10.6084/m9.figshare.29505824.v3},
   note = {\url{https://doi.org/10.6084/m9.figshare.29505824.v3}}
}



@misc{libretexts2025sequence,
  author = {OpenStax Biology},
  title = {Nucleic Acid Sequence - Biology LibreTexts},
  year = {2025},
  howpublished = {\url{https://bio.libretexts.org/Bookshelves/Introductory_and_General_Biology/General_Biology_1e_(OpenStax)/5:_Biological_Diversity/21:_Viruses}},
  note = {Accessed July 29, 2025.}
}


@article{venville2006analogies,
  title={Analogies for life: a subjective view of analogies and metaphors used to teach about genes and DNA},
  author={Venville, Grady and Donovan, Jenny},
  journal={Teaching Science},
  volume={52},
  number={1},
  pages={18--22},
  year={2006},
  note={Available at: \url{https://research-repository.uwa.edu.au/en/publications/analogies-for-life-a-subjective-view-of-analogies-and-metaphors-u}}
}


@misc{passel_dna_structure,
  author = {University of Nebraska–Lincoln},
  title = {Complementary, antiparallel DNA strands | DNA and Chromosome Structure},
  year = {n.d.},
  howpublished = {\url{https://passel2.unl.edu/view/lesson/6f214d098527/4}},
  note = {Accessed July 29, 2025}
}

@misc{leicester_cellcycle,
  author = {University of Leicester},
  title = {The Cell Cycle, Mitosis and Meiosis for Higher Education},
  year = {n.d.},
  howpublished = {\url{https://le.ac.uk/vgec/topics/cell-cycle/the-cell-cycle-higher-education}},
  note = {Accessed July 29, 2025.}
}

@misc{libretexts2025gametogenesis,
  author = {OpenStax Biology},
  title = {Gametogenesis (Spermatogenesis and Oogenesis)},
  year = {2025},
  howpublished = {\url{https://bio.libretexts.org/Bookshelves/Introductory_and_General_Biology/General_Biology_1e_(OpenStax)/43:_Animal_Reproduction_and_Development/43.3C:_Gametogenesis_(Spermatogenesis_and_Oogenesis)}},
  note = {Accessed July 29, 2025}
}

@misc{genomics2025origin,
  author = {Genomics Education Programme},
  title = {Where does our genome come from?},
  year = {2025},
  howpublished = {\url{https://www.genomicseducation.hee.nhs.uk/education/core-concepts/where-does-our-genome-come-from/}},
  note = {Accessed July 29, 2025. Explains how sperm and egg each contribute half the genome, forming a unique combination in the zygote.}
}


@misc{wikipedia_basepair,
  author       = {Wikipedia contributors},
  title        = {Base pair},
  year         = {2025},
  howpublished = {\url{https://en.wikipedia.org/wiki/Base_pair}},
  note         = {Accessed August 2, 2025. Includes diagram of DNA double helix showing A–T and C–G base pairing.}
}


@misc{geeksforgeeks2024protein,
  author = {GeeksforGeeks},
  title = {Diagram of Protein Synthesis},
  year = {2024},
  howpublished = {\url{https://www.geeksforgeeks.org/biology/protein-synthesis-diagram/}},
  note = {Accessed July 29, 2025. Shows transcription, translation, and ribosome-mediated protein synthesis.}
}

@misc{wikipedia_codon_tables,
  author       = {Wikipedia contributors},
  title        = {DNA and RNA codon tables},
  year         = {2025},
  howpublished = {\url{https://en.wikipedia.org/wiki/DNA_and_RNA_codon_tables}},
  note         = {Accessed August 2, 2025. Provides codon-to-amino acid mappings and genetic code/name tables.}
}


@misc{newsmedical2025startcodons,
  author = {Cheriyedath, Susha},
  title = {START and STOP Codons},
  year = {2019},
  howpublished = {\url{https://www.news-medical.net/life-sciences/START-and-STOP-Codons.aspx}},
  note = {Accessed July 29, 2025. Describes canonical and alternative start codons across organisms.}
}


@misc{lutalo_tea_web,
  author       = {Lutalo, Joseph Willrich},
  title        = {\textbf{TEA RESEARCH: TEA ON THE WEB A High-Level Web Software Operating Environment Specification For The TEA Programming Language: Web TEA Architecture}},
  year         = {n.d.},
  howpublished = {\url{https://doi.org/10.6084/M9.FIGSHARE.29591687}},
  note         = {figshare}
}

@misc{lutalo2025transformatic,
  author       = {Lutalo, Joseph Willrich},
  title        = {\textbf{Applying TRANSFORMATICS: Sequence Generators}},
  year         = {2025},
  howpublished = {\url{https://doi.org/10.6084/M9.FIGSHARE.29654645}},
  note         = {FigShare}
}


@article{lutalo2024software,
  title={\textbf{Software Language Engineering-Text Processing Language Design, Implementation, Evaluation Methods}},
  author={Lutalo, Joseph Willrich},
  journal={Preprints},
  year={2024},
url="https://www.preprints.org/frontend/manuscript/3903e4cd075074a7005cb705a5ef26c5/download_pub",
note = {\textit{Accessible via} \url{https://www.preprints.org/frontend/manuscript/3903e4cd075074a7005cb705a5ef26c5/download\_pub}
}}


@article{lutalo2025unraveling,
  author       = {Lutalo, Joseph Willrich},
  title        = {\textbf{Unraveling Mysteries of The ZHA q-AGI Chatbot: an Interview by ICC, of Fut. Prof. JWL and M*A*P Ade. Psymaz of Nuchwezi}},
  year         = {2025},
  publisher    = {Nuchwezi},
  journal = {FigShare},
  doi          = {10.6084/M9.FIGSHARE.29064671},
  url          = {https://doi.org/10.6084/M9.FIGSHARE.29064671},
  note = {\textit{Accessible via} \url{https://doi.org/10.6084/M9.FIGSHARE.29064671}}
}

@misc{lutalo2024mysticism,
  author       = {Lutalo, Joseph Willrich},
  title        = {\textbf{Pragmatic Computational Mysticism}},
  year         = {2024},
  howpublished = {\url{https://doi.org/10.6084/M9.FIGSHARE.27187071}},
  note         = {figshare}
}


@article{jwlzha,
  author       = {Lutalo, Joseph Willrich},
  title        = {\textbf{Introducing ZHA, a Real q-AGI}},
  year         = {2025},
  journal = {FigShare},
  publisher    = {Academia},
  doi          = {10.6084/M9.FIGSHARE.29049794},
  url          = {https://doi.org/10.6084/M9.FIGSHARE.29049794},
  note = {\textit{Accessible via} \url{https://doi.org/10.6084/M9.FIGSHARE.29049794}}
}


@article{Lutalo2024gtnc, 
title={\textbf{A general theory of number cardinality}}, 
url={https://www.academia.edu/43197243/A\_General\_Theory\_of\_Number\_Cardinality}, 
journal={Academia.edu}, 
author={Lutalo, Joseph Willrich}, 
year={2024}, 
month={Jan},
note = {\textit{Accessible via} \url{https://www.academia.edu/43197243/A\_General\_Theory\_of\_Number\_Cardinality}
}}

@misc{nature_atcg,
  author = {Nature Education},
  title = {The Four Bases – ATCG},
  year = {n.d.},
  howpublished = {\url{https://www.nature.com/scitable/content/the-four-bases-atcg-6491969/}},
  note = {Accessed July 2025}
}

@misc{wikipedia_nucleic_acid,
  author = {Wikipedia contributors},
  title = {Nucleic acid sequence},
  year = {2025},
  howpublished = {\url{https://en.wikipedia.org/wiki/Nucleic_acid_sequence}},
  note = {Accessed July 2025}
}

@misc{copilot_dna_assistant,
  author = {Microsoft Copilot},
  title = {Clarifying discussions on DNA sequence facts and genetics in general during drafting manuscript},
  year = {2025},
  howpublished = {AI-generated insights via Copilot discussion},
  note = {Personal communication, July 2025}
}

@article{ossipaper,
  title={\textbf{Concerning A Special Summation That Preserves The Base-10 Orthogonal Symbol Set Identity In Both Addends And The Sum}},
  journal={Academia},
  author={Lutalo, Joseph Willrich},
  year={2025},
   note = {\textit{Accessible via} \url{https://www.academia.edu/download/122499576/The_Symbol_Set_Identity_paper_Joseph_Willrich_Lutalo_25APR2025.pdf}
}}


@misc{thoughtco_geneticcode,
  author = {Regina Bailey},
  title = {Genetic Code and RNA Codon Table},
  year = {2019},
  howpublished = {\url{https://www.thoughtco.com/genetic-code-373449}},
  note = {Accessed July 2025. Explains RNA nucleotide composition and codon structure.}
}

@misc{RefSeq,
  author = {National Center for Biotechnology Information (NCBI)},
  title = {RefSeq: INS Homo sapiens insulin [NM\_000207.2]},
  year = {2020},
  howpublished = {\url{https://databases.lovd.nl/shared/refseq/INS_NM_000207.2_codingDNA.html}},
  note = {Accessed July 31, 2025}
}

@article{Venter2001,
  author    = {J. Craig Venter and others},
  title     = {The sequence of the human genome},
  journal   = {Science},
  volume    = {291},
  number    = {5507},
  pages     = {1304--1351},
  year      = {2001},
  doi       = {10.1126/science.1058040},
  note      = {Available at: \url{https://www.science.org/doi/pdf/10.1126/science.1058040}}
}

@article{Anderson1981,
  author    = {S. Anderson and A. T. Bankier and B. G. Barrell and others},
  title     = {Sequence and organization of the human mitochondrial genome},
  journal   = {Nature},
  volume    = {290},
  pages     = {457--465},
  year      = {1981},
  doi       = {10.1038/290457a0},
  note      = {Available at: \url{https://www.nature.com/articles/290457a0.pdf}}
}

@article{adtpaper,
  author       = {Lutalo, Joseph Willrich},
  title        = {\textbf{Introducing The Anagram Distance Statistic, Ã, A Quantifier of Lexical Proximity For Base-10 o-SSI And Any Arbitrary Length Ordered Sequences, Its Relevance And Proposed Applications in Computer Science, Engineering And Mathematical Statistics}},
  year         = {2025},
  journal={Academia.edu},
  howpublished = {Figshare},
  url          = {https://doi.org/10.6084/m9.figshare.29402363},
   note = {\textit{Accessible via} \url{https://doi.org/10.6084/m9.figshare.29402363}}
}

@article{lnspaper,
  title={\textbf{Philosophical and Mathematical Foundations of A Number Generating System: The Lu-Number System}},
  author={Joseph Willrich Lutalo},
  year={2025},
  journal={Academia.edu},
  url={https://doi.org/10.6084/m9.figshare.29262749},
  note = {\textit{Accessible via} \url{https://doi.org/10.6084/m9.figshare.29262749}
}}


@misc{mochizuki_frobenioids1,
  author       = {Shinichi Mochizuki},
  title        = {The Geometry of Frobenioids I: The General Theory},
  year         = {2008},
  howpublished = {\url{https://www.kurims.kyoto-u.ac.jp/~motizuki/The-Geometry-of-Frobenioids-I.pdf}},
  note         = {Accessed August 2, 2025. Introduces Frobenioids as symbolic categorical structures encoding arithmetic transformations.}
}


@article{Sato1999ArabidopsisChloroplastGenome,
  author    = {Sato, Shusei and Nakamura, Yasukazu and Kaneko, Takakazu and Asamizu, Erika and Tabata, Satoshi},
  title     = {Complete structure of the chloroplast genome of Arabidopsis thaliana},
  journal   = {DNA Research},
  volume    = {6},
  number    = {5},
  pages     = {283--290},
  year      = {1999},
  doi       = {10.1093/dnares/6.5.283},
  url       = {https://www.uniprot.org/uniprotkb/O03042/publications}
}


%end new entries









@article{Lutalo2024TEATAZ,
  author = {Joseph Willrich Lutalo},
  title = {\textbf{TEA TAZ - Transforming Executable Alphabet A: to Z: COMMAND SPACE SPECIFICATION}},
  year = {2024},
  publisher = {Nuchwezi},
  journal={Academia.edu},
  url = {https://www.academia.edu/122871672/TEA_TAZ_Transforming_Executable_Alphabet_A_to_Z_COMMAND_SPACE_SPECIFICATION},
    note = {Accessed on 14 May, 2025, via  \url{https://www.academia.edu/122871672/TEA_TAZ_Transforming_Executable_Alphabet_A_to_Z_COMMAND_SPACE_SPECIFICATION}}
}





@article{base36paper,
  title={\textbf{Numbers from Arbitrary Text: Mapping Human Readable Text to Numbers in Base-36}},
  author={Joseph Willrich Lutalo},
  year={2024},
  journal={Academia.edu},
  url={https://www.academia.edu/123296302/Numbers_from_Arbitrary_Text_Mapping_Human_Readable_Text_to_Numbers_in_Base_36},
  note = {\textit{Accessible via} \url{https://www.academia.edu/123296302/Numbers\_from\_Arbitrary\_Text\_Mapping\_Human\_Readable\_Text\_to\_Numbers\_in\_Base\_36}
}}

@book{clarke1992basic,
  title={A Basic Course in Statistics---3rd Ed.},
  author={Clarke, Geoffrey Mallin and Cooke, Dennis},
  publisher={Edward Arnold},
  isbn={0-340-56772-4},
  year={1992}
}




@article{fasang2014visualizing,
  title={Visualizing sequences in the social sciences: Relative frequency sequence plots},
  author={Fasang, Anette Eva and Liao, Tim Futing},
  journal={Sociological Methods \& Research},
  volume={43},
  number={4},
  pages={643--676},
  year={2014},
  publisher={SAGE Publications},
  doi={10.1177/0049124113506563},
  url={https://www.econstor.eu/bitstream/10419/209702/1/Full-text-article-Fasang-et-al-Visualizing-sequences-in.pdf},
  note = {\textit{Accessible via} \url{https://www.econstor.eu/bitstream/10419/209702/1/Full-text-article-Fasang-et-al-Visualizing-sequences-in.pdf}}
}

@article{lin2003symbolic,
  title={Experiencing SAX: a novel symbolic representation of time series},
  author={Lin, Jessica and Keogh, Eamonn and Wei, Li and Lonardi, Stefano},
  journal={Data Mining and Knowledge Discovery},
  volume={15},
  number={2},
  pages={107--144},
  year={2003},
  publisher={Springer},
  url={https://cs.gmu.edu/~jessica/SAX\_DAMI\_preprint.pdf},
   note = {\textit{Accessible via} \url{https://cs.gmu.edu/~jessica/SAX\_DAMI\_preprint.pdf}}
}


@book{aggarwal2014frequent,
  title={Frequent Pattern Mining},
  author={Aggarwal, Charu C.},
  year={2014},
  publisher={Springer},
  url={http://charuaggarwal.net/freqbook.pdf},
   note = {\textit{Accessible via} \url{http://charuaggarwal.net/freqbook.pdf}}
}

@misc{ozgur2024entropy,
  title={Lecture 4: Entropy and Lossless Compression},
  author={Ozgur, Ayfer},
  year={2024},
  howpublished={Lecture notes, Stanford University},
  url={https://web.stanford.edu/class/engr76/lectures/lecture4.pdf},
  note = {\textit{Accessible via} \url{https://web.stanford.edu/class/engr76/lectures/lecture4.pdf}}
}






%%%%%%%%%%%%% CAN REMOVE CITATIONS BELOW THIS LINE









@incollection{howell2011chi,
  title={Chi-square test: analysis of contingency tables},
  author={Howell, David C},
  booktitle={International encyclopedia of statistical science},
  pages={250--252},
  year={2011},
  publisher={Springer},
url={https://www.uvm.edu/~statdhtx/methods8/Supplements/MISC/Chi-Square-Folder/ChiSquareTests.pdf},
note = {\textit{Accessible via} \url{https://www.uvm.edu/~statdhtx/methods8/Supplements/MISC/Chi-Square-Folder/ChiSquareTests.pdf}}
}



@misc{judge2022chisquared,
  author = {Judge, Michael},
  title = {How to Interpret Chi-Squared},
  year = {2022},
  url = {https://www.sciencing.com/interpret-chisquared-8089141.html},
  note = {\textit{Accessible via} \url{https://www.sciencing.com/interpret-chisquared-8089141.html}}
}

@article{bikos2023random,
  title={Random number generators: Principles and applications},
  author={Bikos, Anastasios and Nastou, Panagiotis E and Petroudis, Georgios and Stamatiou, Yannis C},
  journal={Cryptography},
  volume={7},
  number={4},
  pages={54},
  year={2023},
  publisher={MDPI},
  note = {\textit{Accessible via} \url{https://www.mdpi.com/2410-387X/7/4/54}
}}

@article{massey1951kolmogorov,
  title={The Kolmogorov-Smirnov test for goodness of fit},
  author={Massey Jr, Frank J},
  journal={Journal of the American statistical Association},
  volume={46},
  number={253},
  pages={68--78},
  year={1951},
  publisher={Taylor \& Francis},
url={https://luk.tsipil.ugm.ac.id/jurnal/freepdf/2280095Massey-Kolmogorov-SmirnovTestForGoodnessOfFit.pdf},
note = {\textit{Accessible via} \url{https://luk.tsipil.ugm.ac.id/jurnal/freepdf/2280095Massey-Kolmogorov-SmirnovTestForGoodnessOfFit.pdf}
}}

@article{darling1957kolmogorov,
  title={The kolmogorov-smirnov, cramer-von mises tests},
  author={Darling, Donald A},
  journal={The annals of mathematical statistics},
  pages={823--838},
  year={1957},
  publisher={JSTOR}
}


\endinput
%%
%% End of file `references.bib'.